<?xml version="1.0" encoding="UTF-8"?><collection xmlns="http://www.loc.gov/MARC21/slim"><record><leader>00552nam--2200181-u-4500</leader><controlfield tag="001">000056349</controlfield><controlfield tag="002">20161230</controlfield><controlfield tag="005">20161230201052</controlfield><controlfield tag="008">150727s1000------------r-----000-0-eng-d</controlfield><datafield ind1=" " ind2=" " tag="040"><subfield code="a">IFIN-HH</subfield></datafield><datafield ind1="1" ind2=" " tag="100"><subfield code="a">Moore, John H</subfield></datafield><datafield ind1="1" ind2="0" tag="245"><subfield code="a">Building sceintific apparatus</subfield><subfield code="c">John h. moore, christopher c. davis, michael a. coplan, sandra c. greer</subfield></datafield><datafield ind1=" " ind2=" " tag="250"><subfield code="a">Fourth Edition Seventh Printing</subfield></datafield><datafield ind1=" " ind2=" " tag="260"><subfield code="a">Cambridge</subfield><subfield code="b">Cambridge University Press</subfield><subfield code="c">2015</subfield></datafield><datafield ind1=" " ind2=" " tag="300"><subfield code="a">XIII+647P</subfield></datafield><datafield ind1="1" ind2=" " tag="700"><subfield code="a">Greer, Sandra C</subfield></datafield><datafield ind1=" " ind2=" " tag="852"><subfield code="a">82426</subfield><subfield code="c">62</subfield></datafield><datafield ind1=" " ind2=" " tag="CAT"><subfield code="a">Sys</subfield><subfield code="c">20150728</subfield><subfield code="h">121725</subfield></datafield></record></collection>